@IEEEtranBSTCTL{IEEEexample:BSTcontrol,
  CTLdash_repeated_names = "no"
}

@ARTICLE{ArcakTAC2015, 
author={J. Maidens and M. Arcak}, 
journal={IEEE Transactions on Automatic Control}, 
title={Reachability Analysis of Nonlinear Systems Using Matrix Measures}, 
year={2015}, 
volume={60}, 
number={1}, 
pages={265-270},
ISSN={0018-9286}, 
month={Jan},}

@Article{AlamJIRS2017,
author="Cao, Gang
and Lai, Edmund M.-K.
and Alam, Fakhrul",
title="Gaussian Process Model Predictive Control of an Unmanned Quadrotor",
journal="Journal of Intelligent {\&} Robotic Systems",
year="2017",
month="Oct",
day="01",
volume="88",
number="1",
pages="147--162"
}


@INPROCEEDINGS{BarasCDC16, 
	author={Y. Zhou and A. Raghavan and J. S. Baras}, 
	booktitle={IEEE 55th Conference on Decision and Control (CDC)}, 
	title={Time varying control set design for UAV collision avoidance using reachable tubes}, 
	year={2016}, 
	pages={6857-6862},
	month={Dec}
	}
	
@INPROCEEDINGS{BezzoIROS2016, 
	author={N. Bezzo and K. Mohta and C. Nowzari and I. Lee and V. Kumar and G. Pappas}, 
	booktitle={IEEE/RSJ International Conference on Intelligent Robots and Systems (IROS)}, 
	title={Online planning for energy-efficient and disturbance-aware UAV operations}, 
	year={2016}, 
	pages={5027-5033},
	month={Oct}
	}

@INPROCEEDINGS{BezzoAHS17, 
	author={E. Yel and T. X. Lin and N. Bezzo}, 
	booktitle={ NASA/ESA Conference on Adaptive Hardware and Systems (AHS)}, 
	title={Reachability-based Self-triggered Scheduling and
	Replanning of UAV Operations}, 
	year={2017},
	month={July}
	}

@INPROCEEDINGS{BulthoffICRA16, 
	author={M. Odelga and P. Stegagno and H. H. Bulthoff}, 
	booktitle={IEEE International Conference on Robotics and Automation (ICRA)}, 
	title={Obstacle detection, tracking and avoidance for a teleoperated UAV}, 
	year={2016}, 
	pages={2984-2990},
	month={May}
	}
	
@INPROCEEDINGS{FilhoICUAS15,
	author={M. C. P. Santos and L. V. Santana and A. S. Brand√£o and M. Sarcinelli-Filho}, 
	booktitle={International Conference on Unmanned Aircraft Systems (ICUAS)}, 
	title={UAV obstacle avoidance using RGB-D system}, 
	year={2015}, 
	pages={312-319},  
	doi={10.1109/ICUAS.2015.7152305}, 
	month={June},}

@INPROCEEDINGS{GhoseIROS2010, 
author={S. Hota and D. Ghose}, 
booktitle={IEEE/RSJ International Conference on Intelligent Robots and Systems}, 
title={Optimal geometrical path in 3D with curvature constraint}, 
year={2010}, 
pages={113-118}, 
doi={10.1109/IROS.2010.5653663}, 
ISSN={2153-0858}, 
month={Oct},}


@INPROCEEDINGS{GilletCDC16, 
	author={S. Roelofsen and A. Martinoli and D. Gillet}, 
	booktitle={IEEE 55th Conference on Decision and Control (CDC)}, 
	title={3D collision avoidance algorithm for Unmanned Aerial Vehicles with limited field of view constraints}, 
	year={2016}, 
	pages={2555-2560},
	month={Dec}
	}
	
@ARTICLE{HowCSM2018, 
author={M. Liu and G. Chowdhary and B. Castra da Silva and S. Liu and J. P. How}, 
journal={IEEE Control Systems Magazine}, 
title={Gaussian Processes for Learning and Control: A Tutorial with Examples}, 
year={2018}, 
volume={38}, 
number={5}, 
pages={53-86}, 
ISSN={1066-033X}, 
month={Oct},}	

@article{IvanovVerisig18,
  author    = {Radoslav Ivanov and
               James Weimer and
               Rajeev Alur and
               George J. Pappas and
               Insup Lee},
  title     = {Verisig: verifying safety properties of hybrid systems with neural
               network controllers},
  journal   = {CoRR},
  volume    = {abs/1811.01828},
  year      = {2018},
  url       = {http://arxiv.org/abs/1811.01828},
  archivePrefix = {arXiv}
}
	
@INPROCEEDINGS{KimECC16, 
author={J. Park and Y. Kim}, 
booktitle={2016 European Control Conference (ECC)}, 
title={Real-time collision avoidance control of quadrotor using ellipsoid as a bounding box}, 
year={2016}, 
pages={2152-2157},  
doi={10.1109/ECC.2016.7810610}, 
month={June},}

@ARTICLE{KumarRAM2010, 
	author={N. Michael and D. Mellinger and Q. Lindsey and V. Kumar}, 
	journal={IEEE Robotics Automation Magazine}, 
	title={The GRASP Multiple Micro-UAV Testbed}, 
	year={2010}, 
	volume={17}, 
	number={3}, 
	pages={56-65},
	month={Sept}
	}

@INPROCEEDINGS{KumarCDC07, 
author={A. Ahmadzadeh and A. Jadbabaie and V. Kumar and G. J. Pappas}, 
booktitle={46th IEEE Conference on Decision and Control}, 
title={Stable multi-particle systems and application in multi-vehicle path planning and coverage}, 
year={2007}, 
pages={1467-1472},
month={Dec},}

@ARTICLE{KumarRAM2010, 
author={N. Michael and D. Mellinger and Q. Lindsey and V. Kumar}, 
journal={IEEE Robotics Automation Magazine}, 
title={The GRASP Multiple Micro-UAV Testbed}, 
year={2010}, 
volume={17}, 
number={3}, 
pages={56-65},
month={Sep.},}

@INPROCEEDINGS{LuongoCDC06, 
	author={C. Carbone and U. Ciniglio and F. Corraro and S. Luongo}, 
	booktitle={Proceedings of the 45th IEEE Conference on Decision and Control}, 
	title={A Novel 3D Geometric Algorithm for Aircraft Autonomous Collision Avoidance}, 
	year={2006}, 
	pages={1580-1585},
	month={Dec}
	}

@article{MajumdarIJRR17,
author = {Anirudha Majumdar and Russ Tedrake},
title ={Funnel libraries for real-time robust feedback motion planning},
journal = {The International Journal of Robotics Research},
volume = {36},
number = {8},
pages = {947-982},
year = {2017},
}

@INPROCEEDINGS{MartinoliIROS15, 
author={S. Roelofsen and D. Gillet and A. Martinoli}, 
booktitle={IEEE/RSJ International Conference on Intelligent Robots and Systems (IROS)}, 
title={Reciprocal collision avoidance for quadrotors using on-board visual detection}, 
year={2015}, 
pages={4810-4817},
month={Sept},}

@INPROCEEDINGS{Mellinger2011, 
author={D. Mellinger and V. Kumar}, 
booktitle={IEEE International Conference on Robotics and Automation}, 
title={Minimum snap trajectory generation and control for quadrotors}, 
year={2011}, 
pages={2520-2525}, 
ISSN={1050-4729}, 
month={May},}

@INPROCEEDINGS{MitraEMSOFT16, 
author={C. Fan and J. Kapinski and X. Jin and S. Mitra}, 
booktitle={2016 International Conference on Embedded Software (EMSOFT)}, 
title={Locally optimal reach set over-approximation for nonlinear systems}, 
year={2016}, 
volume={}, 
number={}, 
pages={1-10}, 
ISSN={}, 
month={Oct},}

@article{OishiArxiv17,
  author    = {Abraham P. Vinod and
               Baisravan Homchaudhuri and
               Meeko M. K. Oishi},
  title     = {Forward stochastic reachability analysis for uncontrolled linear systems
               using Fourier Transforms},
  journal   = {CoRR},
  volume    = {abs/1610.04550},
  year      = {2016},
  url       = {http://arxiv.org/abs/1610.04550},
  timestamp = {Wed, 02 Nov 2016 09:51:26 +0100},
  biburl    = {http://dblp.uni-trier.de/rec/bib/journals/corr/VinodHO16},
  bibsource = {dblp computer science bibliography, http://dblp.org}
}

@inproceedings{OishiHSCC14,
 author = {Malone, Nick and Lesser, Kendra and Oishi, Meeko and Tapia, Lydia},
 title = {Stochastic Reachability Based Motion Planning for Multiple Moving Obstacle Avoidance},
 booktitle = {Proceedings of the 17th International Conference on Hybrid Systems: Computation and Control},
 series = {HSCC '14},
 year = {2014},
 isbn = {978-1-4503-2732-9},
 location = {Berlin, Germany},
 pages = {51--60},
 numpages = {10},
 url = {http://doi.acm.org/10.1145/2562059.2562127},
 doi = {10.1145/2562059.2562127},
 acmid = {2562127},
 publisher = {ACM},
 address = {New York, NY, USA},
 keywords = {motion planning, probabilistic roadmaps, stochastic reachability},
} 

@INPROCEEDINGS{PavoneICRA2017, 
author={S. Singh and A. Majumdar and J. J. Slotine and M. Pavone}, 
booktitle={IEEE International Conference on Robotics and Automation (ICRA)}, 
title={Robust online motion planning via contraction theory and convex optimization}, 
year={2017}, 
pages={5883-5890}, 
doi={10.1109/ICRA.2017.7989693}, 
month={May},}

@INPROCEEDINGS{PavoneIROS2014, 
author={R. E. Allen and A. A. Clark and J. A. Starek and M. Pavone}, 
booktitle={2014 IEEE/RSJ International Conference on Intelligent Robots and Systems}, 
title={A machine learning approach for real-time reachability analysis}, 
year={2014}, 
volume={}, 
number={}, 
pages={2202-2208}, 
ISSN={2153-0858}, 
month={Sep.},}

@article{Rasmussen_gpml,
 author = {Rasmussen, Carl Edward and Nickisch, Hannes},
 title = {Gaussian Processes for Machine Learning (GPML) Toolbox},
 journal = {The Journal of Machine Learning Research},
 issue_date = {3/1/2010},
 volume = {11},
 month = dec,
 year = {2010},
 issn = {1532-4435},
 pages = {3011--3015},
 numpages = {5},
 acmid = {1953029},
 publisher = {JMLR.org},
} 

@ARTICLE{RasmussenTPAMI2015, 
author={M. P. Deisenroth and D. Fox and C. E. Rasmussen}, 
journal={IEEE Transactions on Pattern Analysis and Machine Intelligence}, 
title={Gaussian Processes for Data-Efficient Learning in Robotics and Control}, 
year={2015}, 
volume={37}, 
number={2}, 
pages={408-423}, 
month={Feb},}

@inproceedings{SaripalliACC16,
	title={Sampling based collision avoidance for UAVs},
	author={Lin, Yucong and Saripalli, Srikanth},
	booktitle={American Control Conference (ACC), 2016},
	pages={1353--1358},
	year={2016},
	organization={IEEE}
}

@ARTICLE{SaripalliTran17, 
author={Y. Lin and S. Saripalli}, 
journal={IEEE Transactions on Intelligent Transportation Systems}, 
title={Sampling-Based Path Planning for UAV Collision Avoidance}, 
year={2017}, 
volume={PP}, 
number={99}, 
pages={1-14},
doi={10.1109/TITS.2017.2673778}, 
ISSN={1524-9050}, 
month={},}

@INPROCEEDINGS{SaripalliICUAS15, 
	author={Y. Lin and S. Saripalli}, 
	booktitle={International Conference on Unmanned Aircraft Systems (ICUAS)}, 
	title={Collision avoidance for UAVs using reachable sets}, 
	year={2015}, 
	pages={226-235},
	month={June}
	}
	
@article{SchoelligIJRR2016,
author = {Chris J. Ostafew and Angela P. Schoellig and Timothy D. Barfoot},
title ={Robust Constrained Learning-based NMPC enabling reliable mobile robot path tracking},
journal = {The International Journal of Robotics Research},
volume = {35},
number = {13},
pages = {1547-1563},
year = {2016}
}
	
	
@INPROCEEDINGS{SiegwartIROS2016, 
	author={H. Oleynikova and M. Burri and Z. Taylor and J. Nieto and R. Siegwart and E. Galceran}, 
	booktitle={2016 IEEE/RSJ International Conference on Intelligent Robots and Systems (IROS)}, 
	title={Continuous-time trajectory optimization for online UAV replanning}, 
	year={2016}, 
	pages={5332-5339},
	month={Oct},}
	
@ARTICLE{SikangRAL2017, 
	author={S. Liu and M. Watterson and K. Mohta and K. Sun and S. Bhattacharya and C. J. Taylor and V. Kumar}, 
	journal={IEEE Robotics and Automation Letters}, 
	title={Planning Dynamically Feasible Trajectories for Quadrotors Using Safe Flight Corridors in 3-D Complex Environments}, 
	year={2017}, 
	volume={2}, 
	number={3}, 
	pages={1688-1695}, 
	keywords={Collision avoidance;Ellipsoids;Navigation;Planning;Real-time systems;Robots;Trajectory;Aerial robotics;autonomous vehicle navigation;motion and path planning}, 
	doi={10.1109/LRA.2017.2663526}, 
	ISSN={2377-3766}, 
	month={July},}
	
@ARTICLE{Sukkarieh2010, 
author={K. Yang and S. Sukkarieh}, 
journal={IEEE Transactions on Robotics}, 
title={An Analytical Continuous-Curvature Path-Smoothing Algorithm}, 
year={2010}, 
volume={26}, 
number={3}, 
pages={561-568},
doi={10.1109/TRO.2010.2042990}, 
ISSN={1552-3098}, 
month={June},}

@INPROCEEDINGS{TapiaICRA16, 
	author={A. Faust and H. T. Chiang and N. Rackley and L. Tapia}, 
	booktitle={IEEE International Conference on Robotics and Automation (ICRA)}, 
	title={Avoiding moving obstacles with stochastic hybrid dynamics using PEARL: PrEference Appraisal Reinforcement Learning}, 
	year={2016}, 
	pages={484-490},
	month={May},}
	
@ARTICLE{TomlinRAM11, 
	author={J. Ding and J. H. Gillula and H. Huang and M. P. Vitus and W. Zhang and C. J. Tomlin}, 
	journal={IEEE Robotics Automation Magazine}, 
	title={Hybrid Systems in Robotics}, 
	year={2011}, 
	volume={18}, 
	number={3}, 
	pages={33-43},
	month={Sept},}
	
@INPROCEEDINGS{TomlinICRA11, 
	author={J. Ding and E. Li and H. Huang and C. J. Tomlin}, 
	booktitle={IEEE International Conference on Robotics and Automation}, 
	title={Reachability-based synthesis of feedback policies for motion planning under bounded disturbances}, 
	year={2011}, 
	pages={2160-2165}, 
	ISSN={1050-4729}, 
month={May},}

@INPROCEEDINGS{TomlinECC2015, 
author={A. K. Akametalu and C. J. Tomlin}, 
booktitle={2015 European Control Conference (ECC)}, 
title={Temporal-difference learning for online reachability analysis}, 
year={2015}, 
volume={}, 
number={}, 
pages={2508-2513},
ISSN={}, 
month={July},}

@article{TomlinArxiv2018,
  author    = {Vicen{\c{c}} R{\'{u}}bies Royo and
               David Fridovich{-}Keil and
               Sylvia L. Herbert and
               Claire J. Tomlin},
  title     = {Classification-based Approximate Reachability with Guarantees Applied
               to Safe Trajectory Tracking},
  journal   = {CoRR},
  volume    = {abs/1803.03237},
  year      = {2018},
  url       = {http://arxiv.org/abs/1803.03237},
  archivePrefix = {arXiv},
}

@INPROCEEDINGS{VaraiyaEllipsoid2006, 
	author={A. A. Kurzhanskiy and P. Varaiya}, 
	booktitle={Proceedings of the 45th IEEE Conference on Decision and Control}, 
	title={Ellipsoidal Toolbox (ET)}, 
	year={2006}, 
	pages={1498-1503}, 
	ISSN={0191-2216}, 
	month={Dec},}
	
	@article{anta2010sample,
  title={To sample or not to sample: Self-triggered control for nonlinear systems},
  author={Anta, Adolfo and Tabuada, Paulo},
  journal={ IEEE Transactions on Automatic Control},
  volume={55},
  number={9},
  pages={2030--2042},
  year={2010},
  publisher={IEEE}
}

@inproceedings{YelICRA18,
  author    = {Esen Yel and Tony X. Lin and Nicola Bezzo},
  title     = {Self-triggered Adaptive Planning and Scheduling of {UAV} Operations},
  booktitle = {{IEEE} International Conference on Robotics and Automation ({ICRA}), Brisbane, Australia, May 21-25},
  pages     = {7518--7524},
  year      = {2018}
}